<?xml version="1.0" encoding="UTF-8"?><record xmlns="http://www.loc.gov/MARC21/slim" xmlns:cinclude="http://apache.org/cocoon/include/1.0" xmlns:zs="http://www.loc.gov/zing/srw/">
  <leader>00606cz  a2200145n  4500</leader>
  <controlfield tag="001">no 94024953 </controlfield>
  <controlfield tag="003">DLC</controlfield>
  <controlfield tag="005">20120811083938.0</controlfield>
  <controlfield tag="008">940723n| acannaab           |n ana     c</controlfield>
  <datafield tag="010" ind1=" " ind2=" ">
    <subfield code="a">no 94024953 </subfield>
  </datafield>
  <datafield tag="040" ind1=" " ind2=" ">
    <subfield code="a">DJBF</subfield>
    <subfield code="b">eng</subfield>
    <subfield code="c">DJBF</subfield>
    <subfield code="d">DLC</subfield>
  </datafield>
  <datafield tag="111" ind1="2" ind2=" ">
    <subfield code="a">Princeton Manpower Symposium</subfield>
  </datafield>
  <datafield tag="667" ind1=" " ind2=" ">
    <subfield code="a">THIS 1XX FIELD CANNOT BE USED UNDER RDA UNTIL THIS RECORD HAS BEEN REVIEWED AND/OR UPDATED</subfield>
  </datafield>
  <datafield tag="670" ind1=" " ind2=" ">
    <subfield code="a">Unemployment in a prosperous ... 1965:</subfield>
    <subfield code="b">t.p. (Princeton Manpower Symposium, 5/13-14/1965)</subfield>
  </datafield>
  <datafield tag="670" ind1=" " ind2=" ">
    <subfield code="a">Critical issues in employment, 1966:</subfield>
    <subfield code="b">t.p. (Princeton Manpower Symposium, 5/12-13/1966) p. vii (1st symposium: 1965)</subfield>
  </datafield>
</record>